@article{buffet2007shaping,
  title={Shaping multi-agent systems with gradient reinforcement learning},
  author={Buffet, Olivier and Dutech, Alain and Charpillet, Fran{\c{c}}ois},
  journal={Autonomous Agents and Multi-Agent Systems},
  volume={15},
  number={2},
  pages={197--220},
  year={2007},
  publisher={Springer}
}

@inproceedings{fedus2020revisiting,
  title={Revisiting fundamentals of experience replay},
  author={Fedus, William and Ramachandran, Prajit and Agarwal, Rishabh and Bengio, Yoshua and Larochelle, Hugo and Rowland, Mark and Dabney, Will},
  booktitle={International Conference on Machine Learning},
  pages={3061--3071},
  year={2020},
  organization={PMLR}
}

@article{schaul2015prioritized,
  title={Prioritized experience replay},
  author={Schaul, Tom and Quan, John and Antonoglou, Ioannis and Silver, David},
  journal={arXiv preprint arXiv:1511.05952},
  year={2015}
}

@article{mnih2013playing,
  title={Playing atari with deep reinforcement learning},
  author={Mnih, Volodymyr and Kavukcuoglu, Koray and Silver, David and Graves, Alex and Antonoglou, Ioannis and Wierstra, Daan and Riedmiller, Martin},
  journal={arXiv preprint arXiv:1312.5602},
  year={2013}
}

@misc{brockman2016openai,
  Author = {Greg Brockman and Vicki Cheung and Ludwig Pettersson and Jonas Schneider and John Schulman and Jie Tang and Wojciech Zaremba},
  Title = {OpenAI Gym},
  Year = {2016},
  Eprint = {arXiv:1606.01540},
}

@book{sutton2018reinforcement,
  title={Reinforcement learning: An introduction},
  author={Sutton, Richard S and Barto, Andrew G},
  year={2018},
  publisher={MIT press}
}

@article{schulman2017proximal,
  title={Proximal policy optimization algorithms},
  author={Schulman, John and Wolski, Filip and Dhariwal, Prafulla and Radford, Alec and Klimov, Oleg},
  journal={arXiv preprint arXiv:1707.06347},
  year={2017}
}

@article{stanford2016alp,
  title={Playing Flappy Bird via Asynchronous Advantage Actor Critic Algorithm},
  author={Alp, Elit Cenk and Guzel, Mehmet},
  year={2019},
  month={07},
  doi = {10.13140/RG.2.2.13159.96165}
}

@article{alp2019playing,
  title={Playing Flappy Bird via Asynchronous Advantage Actor Critic Algorithm},
  author={Alp, Elit Cenk and Guzel, Mehmet Serdar},
  journal={arXiv preprint arXiv:1907.03098},
  year={2019}
}

@article{vu2020flapai,
  title={FlapAI Bird: Training an Agent to Play Flappy Bird Using Reinforcement Learning Techniques},
  author={Vu, Tai and Tran, Leon},
  journal={arXiv preprint arXiv:2003.09579},
  year={2020}
}